<?xml version="1.0" encoding="UTF-8"?>
  <record xmlns="http://www.loc.gov/MARC21/slim" type="Authority">
    <leader>00000nz  a2200000nc 4500</leader>
    <controlfield tag="001">118796313</controlfield>
    <controlfield tag="003">DE-101</controlfield>
    <controlfield tag="005">20220309171209.0</controlfield>
    <controlfield tag="008">880701n||azznnaabn           | aaa    |c</controlfield>
    <datafield tag="024" ind1="7" ind2=" ">
      <subfield code="a">118796313</subfield>
      <subfield code="0">http://d-nb.info/gnd/118796313</subfield>
      <subfield code="2">gnd</subfield>
    </datafield>
    <datafield tag="035" ind1=" " ind2=" ">
      <subfield code="a">(DE-101)118796313</subfield>
    </datafield>
    <datafield tag="035" ind1=" " ind2=" ">
      <subfield code="a">(DE-588)118796313</subfield>
    </datafield>
    <datafield tag="035" ind1=" " ind2=" ">
      <subfield code="z">(DE-588)1089918011</subfield>
    </datafield>
    <datafield tag="035" ind1=" " ind2=" ">
      <subfield code="z">(DE-588)1089868413</subfield>
    </datafield>
    <datafield tag="035" ind1=" " ind2=" ">
      <subfield code="z">(DE-588)1089138865</subfield>
    </datafield>
    <datafield tag="035" ind1=" " ind2=" ">
      <subfield code="z">(DE-588a)118796313</subfield>
      <subfield code="9">v:zg</subfield>
    </datafield>
    <datafield tag="035" ind1=" " ind2=" ">
      <subfield code="z">(DE-588c)4112430-3</subfield>
      <subfield code="9">v:zg</subfield>
    </datafield>
    <datafield tag="040" ind1=" " ind2=" ">
      <subfield code="a">DE-101</subfield>
      <subfield code="c">DE-101</subfield>
      <subfield code="9">r:DE-101</subfield>
      <subfield code="b">ger</subfield>
      <subfield code="d">9999</subfield>
    </datafield>
    <datafield tag="042" ind1=" " ind2=" ">
      <subfield code="a">gnd1</subfield>
    </datafield>
    <datafield tag="043" ind1=" " ind2=" ">
      <subfield code="c">XT</subfield>
    </datafield>
    <datafield tag="065" ind1=" " ind2=" ">
      <subfield code="a">11.2p</subfield>
      <subfield code="2">sswd</subfield>
    </datafield>
    <datafield tag="075" ind1=" " ind2=" ">
      <subfield code="b">p</subfield>
      <subfield code="2">gndgen</subfield>
    </datafield>
    <datafield tag="075" ind1=" " ind2=" ">
      <subfield code="b">piz</subfield>
      <subfield code="2">gndspec</subfield>
    </datafield>
    <datafield tag="079" ind1=" " ind2=" ">
      <subfield code="a">g</subfield>
      <subfield code="q">a</subfield>
      <subfield code="q">f</subfield>
      <subfield code="q">p</subfield>
      <subfield code="q">s</subfield>
      <subfield code="q">z</subfield>
      <subfield code="u">v</subfield>
      <subfield code="u">o</subfield>
      <subfield code="u">w</subfield>
      <subfield code="u">k</subfield>
    </datafield>
    <datafield tag="100" ind1="0" ind2=" ">
      <subfield code="a">Servius</subfield>
      <subfield code="d">ca. 4./5. Jh.</subfield>
    </datafield>
    <datafield tag="375" ind1=" " ind2=" ">
      <subfield code="a">1</subfield>
      <subfield code="2">iso5218</subfield>
    </datafield>
    <datafield tag="377" ind1=" " ind2="7">
      <subfield code="a">lat</subfield>
      <subfield code="2">iso639-2b</subfield>
    </datafield>
    <datafield tag="400" ind1="0" ind2=" ">
      <subfield code="a">Servius</subfield>
      <subfield code="c">Maurus</subfield>
      <subfield code="d">ca. 4./5. Jh.</subfield>
    </datafield>
    <datafield tag="400" ind1="1" ind2=" ">
      <subfield code="a">Servius, Marius</subfield>
      <subfield code="d">ca. 4./5. Jh.</subfield>
    </datafield>
    <datafield tag="400" ind1="1" ind2=" ">
      <subfield code="a">Servius, Maurus</subfield>
      <subfield code="d">ca. 4./5. Jh.</subfield>
    </datafield>
    <datafield tag="400" ind1="1" ind2=" ">
      <subfield code="a">Servius, Honoratus Marius</subfield>
      <subfield code="d">ca. 4./5. Jh.</subfield>
    </datafield>
    <datafield tag="400" ind1="1" ind2=" ">
      <subfield code="a">Servius, Honoratus Maurus</subfield>
      <subfield code="d">ca. 4./5. Jh.</subfield>
    </datafield>
    <datafield tag="400" ind1="1" ind2=" ">
      <subfield code="a">Honoratus, Maurus Servius</subfield>
      <subfield code="d">ca. 4./5. Jh.</subfield>
    </datafield>
    <datafield tag="400" ind1="1" ind2=" ">
      <subfield code="a">Honoratus, Marius Servius</subfield>
      <subfield code="d">ca. 4./5. Jh.</subfield>
    </datafield>
    <datafield tag="400" ind1="1" ind2=" ">
      <subfield code="a">Honoratus, Servius</subfield>
      <subfield code="d">ca. 4./5. Jh.</subfield>
    </datafield>
    <datafield tag="400" ind1="1" ind2=" ">
      <subfield code="a">Servius, Maurus H.</subfield>
      <subfield code="d">ca. 4./5. Jh.</subfield>
    </datafield>
    <datafield tag="400" ind1="1" ind2=" ">
      <subfield code="a">Servius Honoratus, Maurus</subfield>
      <subfield code="d">ca. 4./5. Jh.</subfield>
    </datafield>
    <datafield tag="400" ind1="1" ind2=" ">
      <subfield code="a">Servius Honoratus, Marius</subfield>
      <subfield code="d">ca. 4./5. Jh.</subfield>
    </datafield>
    <datafield tag="400" ind1="1" ind2=" ">
      <subfield code="a">Maurus, Servius</subfield>
      <subfield code="d">ca. 4./5. Jh.</subfield>
    </datafield>
    <datafield tag="400" ind1="1" ind2=" ">
      <subfield code="a">Naurus, Servius</subfield>
      <subfield code="d">ca. 4./5. Jh.</subfield>
    </datafield>
    <datafield tag="400" ind1="1" ind2=" ">
      <subfield code="a">Honoratus Maurus, Servius</subfield>
      <subfield code="d">ca. 4./5. Jh.</subfield>
    </datafield>
    <datafield tag="400" ind1="1" ind2=" ">
      <subfield code="a">Servius, Marius Honoratus</subfield>
      <subfield code="d">ca. 4./5. Jh.</subfield>
    </datafield>
    <datafield tag="400" ind1="1" ind2=" ">
      <subfield code="a">Servius, Marius Honoratius</subfield>
      <subfield code="d">ca. 4./5. Jh.</subfield>
    </datafield>
    <datafield tag="400" ind1="1" ind2=" ">
      <subfield code="a">Servius, Maurus Honoratus</subfield>
      <subfield code="d">ca. 4./5. Jh.</subfield>
      <subfield code="9">v:(VD-16)</subfield>
    </datafield>
    <datafield tag="400" ind1="1" ind2=" ">
      <subfield code="a">Servius, Maurus H.</subfield>
      <subfield code="c">Grammaticus</subfield>
      <subfield code="d">ca. 4./5. Jh.</subfield>
    </datafield>
    <datafield tag="400" ind1="0" ind2=" ">
      <subfield code="a">Servius Maurus Honoratus</subfield>
      <subfield code="d">ca. 4./5. Jh.</subfield>
    </datafield>
    <datafield tag="400" ind1="0" ind2=" ">
      <subfield code="a">Servius</subfield>
      <subfield code="c">Honoratus</subfield>
      <subfield code="d">ca. 4./5. Jh.</subfield>
    </datafield>
    <datafield tag="400" ind1="0" ind2=" ">
      <subfield code="a">Servius Honoratus</subfield>
      <subfield code="d">ca. 4./5. Jh.</subfield>
    </datafield>
    <datafield tag="400" ind1="0" ind2=" ">
      <subfield code="a">Servius</subfield>
      <subfield code="c">Grammatiker</subfield>
      <subfield code="d">ca. 4./5. Jh.</subfield>
    </datafield>
    <datafield tag="400" ind1="0" ind2=" ">
      <subfield code="a">Servius</subfield>
      <subfield code="c">Vergilkommentator</subfield>
      <subfield code="d">ca. 4./5. Jh.</subfield>
    </datafield>
    <datafield tag="400" ind1="0" ind2=" ">
      <subfield code="a">Servius</subfield>
      <subfield code="c">Grammaticus</subfield>
      <subfield code="d">ca. 4./5. Jh.</subfield>
    </datafield>
    <datafield tag="400" ind1="0" ind2=" ">
      <subfield code="a">Servius Honoratus</subfield>
      <subfield code="c">Grammarian</subfield>
      <subfield code="d">ca. 4./5. Jh.</subfield>
    </datafield>
    <datafield tag="400" ind1="0" ind2=" ">
      <subfield code="a">Servius Honoratus Grammaticus</subfield>
      <subfield code="d">ca. 4./5. Jh.</subfield>
    </datafield>
    <datafield tag="400" ind1="0" ind2=" ">
      <subfield code="a">Servius Honoratus</subfield>
      <subfield code="c">Grammaticus</subfield>
      <subfield code="d">ca. 4./5. Jh.</subfield>
    </datafield>
    <datafield tag="400" ind1="0" ind2=" ">
      <subfield code="a">Servius</subfield>
      <subfield code="c">Grammaticus Latinus</subfield>
      <subfield code="d">ca. 4./5. Jh.</subfield>
    </datafield>
    <datafield tag="400" ind1="0" ind2=" ">
      <subfield code="a">Sergius</subfield>
      <subfield code="c">Grammaticus</subfield>
      <subfield code="d">ca. 4./5. Jh.</subfield>
    </datafield>
    <datafield tag="400" ind1="0" ind2=" ">
      <subfield code="a">Servius</subfield>
      <subfield code="c">Grammarian</subfield>
      <subfield code="d">ca. 4./5. Jh.</subfield>
    </datafield>
    <datafield tag="400" ind1="0" ind2=" ">
      <subfield code="a">Sergius</subfield>
      <subfield code="c">Grammarian</subfield>
      <subfield code="d">ca. 4./5. Jh.</subfield>
    </datafield>
    <datafield tag="400" ind1="0" ind2=" ">
      <subfield code="a">Servio</subfield>
      <subfield code="c">Grammatico</subfield>
      <subfield code="d">ca. 4./5. Jh.</subfield>
    </datafield>
    <datafield tag="400" ind1="0" ind2=" ">
      <subfield code="a">Sergius</subfield>
      <subfield code="c">Grammatiker</subfield>
      <subfield code="d">ca. 4./5. Jh.</subfield>
    </datafield>
    <datafield tag="400" ind1="1" ind2=" ">
      <subfield code="a">Servio Onorato, Mario</subfield>
      <subfield code="d">ca. 4./5. Jh.</subfield>
    </datafield>
    <datafield tag="400" ind1="1" ind2=" ">
      <subfield code="a">Servio Onorato, Mauro</subfield>
      <subfield code="d">ca. 4./5. Jh.</subfield>
    </datafield>
    <datafield tag="400" ind1="0" ind2=" ">
      <subfield code="a">Servio</subfield>
      <subfield code="d">ca. 4./5. Jh.</subfield>
    </datafield>
    <datafield tag="400" ind1="1" ind2=" ">
      <subfield code="a">Servius, Maurus Honoratus</subfield>
      <subfield code="c">Grammaticus</subfield>
      <subfield code="d">ca. 4./5. Jh.</subfield>
    </datafield>
    <datafield tag="400" ind1="0" ind2=" ">
      <subfield code="a">Honoratus Servius</subfield>
      <subfield code="d">ca. 4./5. Jh.</subfield>
    </datafield>
    <datafield tag="400" ind1="1" ind2=" ">
      <subfield code="a">Servius, Honoratus</subfield>
      <subfield code="d">ca. 4./5. Jh.</subfield>
    </datafield>
    <datafield tag="400" ind1="0" ind2=" ">
      <subfield code="a">Marius Honoratus Servius</subfield>
      <subfield code="c">Grammaticus</subfield>
      <subfield code="d">ca. 4./5. Jh.</subfield>
    </datafield>
    <datafield tag="400" ind1="0" ind2=" ">
      <subfield code="a">Maurus Honoratus Servius</subfield>
      <subfield code="c">Grammaticus</subfield>
      <subfield code="d">ca. 4./5. Jh.</subfield>
    </datafield>
    <datafield tag="400" ind1="0" ind2=" ">
      <subfield code="a">Maurus Servius Honoratus</subfield>
      <subfield code="d">ca. 4./5. Jh.</subfield>
    </datafield>
    <datafield tag="500" ind1="1" ind2=" ">
      <subfield code="a">Barlandus, Hadrianus Cornelius</subfield>
      <subfield code="4">beza</subfield>
      <subfield code="4">https://d-nb.info/standards/elementset/gnd#acquaintanceshipOrFriendship</subfield>
      <subfield code="w">r</subfield>
      <subfield code="i">Bekanntschaft</subfield>
      <subfield code="e">Bekanntschaft</subfield>
      <subfield code="9">v:VD-16 Mitverf.</subfield>
    </datafield>
    <datafield tag="500" ind1="1" ind2=" ">
      <subfield code="0">(DE-101)119699818</subfield>
      <subfield code="0">(DE-588)119699818</subfield>
      <subfield code="0">https://d-nb.info/gnd/119699818</subfield>
      <subfield code="a">Hartung, Johannes</subfield>
      <subfield code="4">beza</subfield>
      <subfield code="4">https://d-nb.info/standards/elementset/gnd#acquaintanceshipOrFriendship</subfield>
      <subfield code="w">r</subfield>
      <subfield code="i">Bekanntschaft</subfield>
      <subfield code="e">Bekanntschaft</subfield>
      <subfield code="9">v:VD-16 Mitverf.</subfield>
    </datafield>
    <datafield tag="500" ind1="1" ind2=" ">
      <subfield code="a">Virgilius Maro, Publius</subfield>
      <subfield code="4">beza</subfield>
      <subfield code="4">https://d-nb.info/standards/elementset/gnd#acquaintanceshipOrFriendship</subfield>
      <subfield code="w">r</subfield>
      <subfield code="i">Bekanntschaft</subfield>
      <subfield code="e">Bekanntschaft</subfield>
      <subfield code="9">v:VD-16 Mitverf.</subfield>
    </datafield>
    <datafield tag="500" ind1="1" ind2=" ">
      <subfield code="0">(DE-101)118595512</subfield>
      <subfield code="0">(DE-588)118595512</subfield>
      <subfield code="0">https://d-nb.info/gnd/118595512</subfield>
      <subfield code="a">Poliziano, Angelo</subfield>
      <subfield code="d">1454-1494</subfield>
      <subfield code="4">beza</subfield>
      <subfield code="4">https://d-nb.info/standards/elementset/gnd#acquaintanceshipOrFriendship</subfield>
      <subfield code="w">r</subfield>
      <subfield code="i">Bekanntschaft</subfield>
      <subfield code="e">Bekanntschaft</subfield>
      <subfield code="9">v:VD-16 Mitverf.</subfield>
    </datafield>
    <datafield tag="500" ind1="1" ind2=" ">
      <subfield code="0">(DE-101)124652174</subfield>
      <subfield code="0">(DE-588)124652174</subfield>
      <subfield code="0">https://d-nb.info/gnd/124652174</subfield>
      <subfield code="a">Mancinelli, Antonio</subfield>
      <subfield code="d">1452-1505</subfield>
      <subfield code="4">beza</subfield>
      <subfield code="4">https://d-nb.info/standards/elementset/gnd#acquaintanceshipOrFriendship</subfield>
      <subfield code="w">r</subfield>
      <subfield code="i">Bekanntschaft</subfield>
      <subfield code="e">Bekanntschaft</subfield>
      <subfield code="9">v:VD-16 Mitverf.</subfield>
    </datafield>
    <datafield tag="500" ind1="1" ind2=" ">
      <subfield code="a">Croce, Giacomo &#152;dalla&#156;</subfield>
      <subfield code="4">beza</subfield>
      <subfield code="4">https://d-nb.info/standards/elementset/gnd#acquaintanceshipOrFriendship</subfield>
      <subfield code="w">r</subfield>
      <subfield code="i">Bekanntschaft</subfield>
      <subfield code="e">Bekanntschaft</subfield>
      <subfield code="9">v:VD-16 Mitverf.</subfield>
    </datafield>
    <datafield tag="500" ind1="1" ind2=" ">
      <subfield code="0">(DE-101)118553569</subfield>
      <subfield code="0">(DE-588)118553569</subfield>
      <subfield code="0">https://d-nb.info/gnd/118553569</subfield>
      <subfield code="a">Horatius Flaccus, Quintus</subfield>
      <subfield code="d">v65-v8</subfield>
      <subfield code="4">beza</subfield>
      <subfield code="4">https://d-nb.info/standards/elementset/gnd#acquaintanceshipOrFriendship</subfield>
      <subfield code="w">r</subfield>
      <subfield code="i">Bekanntschaft</subfield>
      <subfield code="e">Bekanntschaft</subfield>
      <subfield code="9">v:VD-16 Mitverf.</subfield>
    </datafield>
    <datafield tag="500" ind1="1" ind2=" ">
      <subfield code="0">(DE-101)100250408</subfield>
      <subfield code="0">(DE-588)100250408</subfield>
      <subfield code="0">https://d-nb.info/gnd/100250408</subfield>
      <subfield code="a">Porphyrio, Pomponius</subfield>
      <subfield code="d">ca. 2./3. Jh.</subfield>
      <subfield code="4">beza</subfield>
      <subfield code="4">https://d-nb.info/standards/elementset/gnd#acquaintanceshipOrFriendship</subfield>
      <subfield code="w">r</subfield>
      <subfield code="i">Bekanntschaft</subfield>
      <subfield code="e">Bekanntschaft</subfield>
      <subfield code="9">v:VD-16 Mitverf.</subfield>
    </datafield>
    <datafield tag="500" ind1="1" ind2=" ">
      <subfield code="a">Landini, Cristoforo</subfield>
      <subfield code="4">beza</subfield>
      <subfield code="4">https://d-nb.info/standards/elementset/gnd#acquaintanceshipOrFriendship</subfield>
      <subfield code="w">r</subfield>
      <subfield code="i">Bekanntschaft</subfield>
      <subfield code="e">Bekanntschaft</subfield>
      <subfield code="9">v:VD-16 Mitverf.</subfield>
    </datafield>
    <datafield tag="500" ind1="1" ind2=" ">
      <subfield code="a">Pomponius, Julius</subfield>
      <subfield code="4">beza</subfield>
      <subfield code="4">https://d-nb.info/standards/elementset/gnd#acquaintanceshipOrFriendship</subfield>
      <subfield code="w">r</subfield>
      <subfield code="i">Bekanntschaft</subfield>
      <subfield code="e">Bekanntschaft</subfield>
      <subfield code="9">v:VD-16 Mitverf.</subfield>
    </datafield>
    <datafield tag="548" ind1=" " ind2=" ">
      <subfield code="a">ca. 4./5. Jh.</subfield>
      <subfield code="4">datl</subfield>
      <subfield code="4">https://d-nb.info/standards/elementset/gnd#associatedDate</subfield>
      <subfield code="w">r</subfield>
      <subfield code="i">Lebensdaten</subfield>
    </datafield>
    <datafield tag="548" ind1=" " ind2=" ">
      <subfield code="a">03-</subfield>
      <subfield code="4">datu</subfield>
      <subfield code="4">https://d-nb.info/standards/elementset/gnd#udkCode</subfield>
      <subfield code="w">r</subfield>
      <subfield code="i">UDK</subfield>
    </datafield>
    <datafield tag="548" ind1=" " ind2=" ">
      <subfield code="a">04-</subfield>
      <subfield code="4">datu</subfield>
      <subfield code="4">https://d-nb.info/standards/elementset/gnd#udkCode</subfield>
      <subfield code="w">r</subfield>
      <subfield code="i">UDK</subfield>
    </datafield>
    <datafield tag="667" ind1=" " ind2=" ">
      <subfield code="a">12</subfield>
    </datafield>
    <datafield tag="667" ind1=" " ind2=" ">
      <subfield code="a">7</subfield>
    </datafield>
    <datafield tag="667" ind1=" " ind2=" ">
      <subfield code="a">384</subfield>
    </datafield>
    <datafield tag="667" ind1=" " ind2=" ">
      <subfield code="a">12-PAN</subfield>
    </datafield>
    <datafield tag="667" ind1=" " ind2=" ">
      <subfield code="a">VD-16</subfield>
    </datafield>
    <datafield tag="667" ind1=" " ind2=" ">
      <subfield code="a">VD-17</subfield>
    </datafield>
    <datafield tag="667" ind1=" " ind2=" ">
      <subfield code="a">TITAN</subfield>
    </datafield>
    <datafield tag="670" ind1=" " ind2=" ">
      <subfield code="a">PAN; M; Kroh</subfield>
    </datafield>
    <datafield tag="672" ind1=" " ind2="0">
      <subfield code="a">Servius: Centimetrum</subfield>
      <subfield code="f">1502</subfield>
    </datafield>
    <datafield tag="672" ind1=" " ind2="0">
      <subfield code="a">Servius: Commentarii in Virgilium ...</subfield>
      <subfield code="f">1826</subfield>
    </datafield>
    <datafield tag="672" ind1=" " ind2="0">
      <subfield code="a">Servius: In secundam Donati editionem interpretatio</subfield>
      <subfield code="f">1511</subfield>
    </datafield>
    <datafield tag="672" ind1=" " ind2="0">
      <subfield code="a">Servius: Servius</subfield>
      <subfield code="f">1585</subfield>
    </datafield>
    <datafield tag="672" ind1=" " ind2="0">
      <subfield code="a">Servius: De pedibus versuum libellus</subfield>
      <subfield code="f">1537</subfield>
    </datafield>
    <datafield tag="672" ind1=" " ind2="0">
      <subfield code="a">Servius: De pedibus versuum</subfield>
      <subfield code="f">1584</subfield>
    </datafield>
    <datafield tag="672" ind1=" " ind2="0">
      <subfield code="a">Servius: De syllabarum quantitate</subfield>
      <subfield code="f">1537</subfield>
    </datafield>
    <datafield tag="672" ind1=" " ind2="0">
      <subfield code="a">Vergilius Maro, Publius: Opera</subfield>
      <subfield code="f">1746</subfield>
    </datafield>
    <datafield tag="672" ind1=" " ind2="0">
      <subfield code="a">Vergilius Maro, Publius: Bucolica, Georgica, et Aeneis</subfield>
      <subfield code="f">1544</subfield>
    </datafield>
    <datafield tag="672" ind1=" " ind2="0">
      <subfield code="a">Publii Vergilii Bucolica, Georgica, Aeneis</subfield>
      <subfield code="f">1507</subfield>
    </datafield>
    <datafield tag="672" ind1=" " ind2="0">
      <subfield code="a">Horatius Flaccus, Quintus: Q. HORATII FLACCI VENVSINI OPERA, QVIBVS INTER POETAS ET LATINOS ET GRAECOS VIX quic\[qua...] ...  1545.  (VD16 H 4860)</subfield>
    </datafield>
    <datafield tag="672" ind1=" " ind2="0">
      <subfield code="a">Servius, Maurus Honoratus: Seruij Honorati in Donati edicionem interpretatio. ... Jsidoneus Germanicus de tribus ...  1511.  (VD16 ZV 14371)</subfield>
    </datafield>
    <datafield tag="672" ind1=" " ind2="0">
      <subfield code="a">Virgilius Maro, Publius: De orthographia.  1589.  (VD16 V 1390)</subfield>
    </datafield>
    <datafield tag="672" ind1=" " ind2="0">
      <subfield code="a">Virgilius Maro, Publius: Opera.  1544.  (VD16 V 1349)</subfield>
    </datafield>
    <datafield tag="672" ind1=" " ind2="0">
      <subfield code="a">Virgilius Maro, Publius: Publij Virgilij marõis opera.(cũ cõmẽtariis Seruii Mauri honorati grãmatici:Aelii Donati: ...  1502.  (VD16 V 1332)</subfield>
    </datafield>
    <datafield tag="672" ind1=" " ind2="0">
      <subfield code="a">Virgilius Maro, Publius: PVB. VERGILII MARONIS OPEra, quae quidem extant, omnia: CVM IVSTIS ET DOCTIS IN ...  1586.  (VD16 V 1387)</subfield>
    </datafield>
    <datafield tag="672" ind1=" " ind2="0">
      <subfield code="a">Virgilius Maro, Publius: P. VERGILII MARONIS BVcolica, Georgica, &amp; Aeneis, nunc cum ueris commentariis Tib.Donati &amp; ...  1551.  (VD16 V 1354)</subfield>
    </datafield>
    <datafield tag="672" ind1=" " ind2="0">
      <subfield code="a">Virgilius Maro, Publius: P. VERGILII MARONIS BVCOLICORVM, GEORGICORVM, ET AENEIDOS. Cum accurata simul &amp; fideli ...  1534.  (VD16 V 1340)</subfield>
    </datafield>
    <datafield tag="672" ind1=" " ind2="0">
      <subfield code="a">Virgilius Maro, Publius: P. VERGILII MAROnis Opera, quae quidem extant, omnia: CVM VERIS IN BVCOLICA, GEORGICA, &amp; ...  1561.  (VD16 V 1365)</subfield>
    </datafield>
    <datafield tag="672" ind1=" " ind2="0">
      <subfield code="a">Virgilius Maro, Publius: P. VERGILII MAROnis Opera, quae quidem extant, omnia: CVM VERIS IN BVCOLICA, GEORGICA, &amp; ...  1575.  (VD16 V 1377)</subfield>
    </datafield>
    <datafield tag="678" ind1=" " ind2=" ">
      <subfield code="b">Röm. Grammatiker; Vornamen und Cognomen ungewiss; Identität mit Sergius wahrscheinlich</subfield>
    </datafield>
    <datafield tag="913" ind1=" " ind2=" ">
      <subfield code="S">pnd</subfield>
      <subfield code="i">5</subfield>
      <subfield code="a">Servius</subfield>
      <subfield code="0">(DE-588a)118796313</subfield>
    </datafield>
  </record>
